<record><leader>00000cas a22000007a 4500</leader><controlfield tag="001">10886322</controlfield><controlfield tag="008">840626c19379999nyuwr ne      0    0eng d</controlfield><datafield ind1=" " ind2=" " tag="010"><subfield code="a">sn 84031109 </subfield></datafield><datafield ind1=" " ind2=" " tag="040"><subfield code="a">NYG</subfield><subfield code="b">eng</subfield><subfield code="c">NYG</subfield><subfield code="d">NYS</subfield><subfield code="d">OCLCQ</subfield><subfield code="d">OCLCF</subfield><subfield code="d">OCLCO</subfield></datafield><datafield ind1="1" ind2=" " tag="029"><subfield code="a">AU@</subfield><subfield code="b">000044855952</subfield></datafield><datafield ind1=" " ind2=" " tag="042"><subfield code="a">msc</subfield></datafield><datafield ind1=" " ind2=" " tag="043"><subfield code="a">n-us-ny</subfield></datafield><datafield ind1="0" ind2="0" tag="245"><subfield code="a">Tupper Lake free press and Tupper Lake herald.</subfield></datafield><datafield ind1=" " ind2=" " tag="260"><subfield code="a">Tupper Lake, N.Y. :</subfield><subfield code="b">Colonial Press,</subfield><subfield code="c">1937-</subfield></datafield><datafield ind1=" " ind2=" " tag="300"><subfield code="a">v. :</subfield><subfield code="b">ill.</subfield></datafield><datafield ind1=" " ind2=" " tag="310"><subfield code="a">Weekly</subfield></datafield><datafield ind1="0" ind2=" " tag="362"><subfield code="a">Vol. 41, no. 39 (Sept. 30, 1937)-</subfield></datafield><datafield ind1=" " ind2=" " tag="500"><subfield code="a">Publishers: Colonial Press, 1937- ; Lawrence P. Quinn, -1962; Mrs. L.P. Quinn, 1962-1977; Tri-Lake 3hree Press Corp., &lt;1982-1993&gt;.</subfield></datafield><datafield ind1=" " ind2="0" tag="651"><subfield code="a">Tupper Lake (N.Y.)</subfield><subfield code="v">Newspapers.</subfield></datafield><datafield ind1=" " ind2="0" tag="651"><subfield code="a">Franklin County (N.Y.)</subfield><subfield code="v">Newspapers.</subfield></datafield><datafield ind1=" " ind2="7" tag="655"><subfield code="a">Newspapers.</subfield><subfield code="2">fast</subfield><subfield code="0">(OCoLC)fst01423814</subfield></datafield><datafield ind1=" " ind2="7" tag="651"><subfield code="a">New York (State)</subfield><subfield code="z">Franklin County.</subfield><subfield code="2">fast</subfield><subfield code="0">(OCoLC)fst01212304</subfield></datafield><datafield ind1=" " ind2="7" tag="651"><subfield code="a">New York (State)</subfield><subfield code="z">Tupper Lake.</subfield><subfield code="2">fast</subfield><subfield code="0">(OCoLC)fst01231972</subfield></datafield><datafield ind1=" " ind2=" " tag="752"><subfield code="a">United States</subfield><subfield code="b">New York</subfield><subfield code="c">Franklin</subfield><subfield code="d">Tupper Lake.</subfield></datafield><datafield ind1="0" ind2="4" tag="780"><subfield code="t">Tupper Lake free press</subfield><subfield code="w">(DLC)sn 87070372</subfield><subfield code="w">(OCoLC)16932492</subfield></datafield><datafield ind1="0" ind2="4" tag="780"><subfield code="t">Tupper Lake herald and Adirondack mountain press</subfield><subfield code="w">(DLC)sn 87070317</subfield><subfield code="w">(OCoLC)16932479</subfield></datafield></record>